<?xml version="1.0" encoding="UTF-8"?><record xmlns="http://www.loc.gov/MARC21/slim" xmlns:cinclude="http://apache.org/cocoon/include/1.0" xmlns:zs="http://www.loc.gov/zing/srw/">
  <leader>00984nz  a2200169n  4500</leader>
  <controlfield tag="001">no2013111834</controlfield>
  <controlfield tag="003">DLC</controlfield>
  <controlfield tag="005">20131011073608.0</controlfield>
  <controlfield tag="008">131010n| azannaabn          |n ana     c</controlfield>
  <datafield tag="010" ind1=" " ind2=" ">
    <subfield code="a">no2013111834</subfield>
  </datafield>
  <datafield tag="035" ind1=" " ind2=" ">
    <subfield code="a">(OCoLC)oca09588302</subfield>
  </datafield>
  <datafield tag="040" ind1=" " ind2=" ">
    <subfield code="a">UPB</subfield>
    <subfield code="b">eng</subfield>
    <subfield code="e">rda</subfield>
    <subfield code="c">UPB</subfield>
  </datafield>
  <datafield tag="046" ind1=" " ind2=" ">
    <subfield code="s">2010-01</subfield>
  </datafield>
  <datafield tag="110" ind1="2" ind2=" ">
    <subfield code="a">Mormon Women Project</subfield>
  </datafield>
  <datafield tag="370" ind1=" " ind2=" ">
    <subfield code="e">Salt Lake City (Utah)</subfield>
    <subfield code="2">naf</subfield>
  </datafield>
  <datafield tag="670" ind1=" " ind2=" ">
    <subfield code="a">Sister abroad, 2013:</subfield>
    <subfield code="b">t.p. (The Mormon Women Project) page 8 (The Mormon Women Project was launched in January of 2010 by Neylan McBaine of Salt Lake City; project interviews Mormon women worldwide)</subfield>
  </datafield>
  <datafield tag="670" ind1=" " ind2=" ">
    <subfield code="a">The Mormon Women Project, website viewed 9 October 2013</subfield>
    <subfield code="b">(The Mormon Women Project is a continusly expanding digital library of interview with Latter-day Saint women from around the world; launched in January 2010; 501(c)3 non-profit organization not officially affiliated with the Church of Jesus Christ of Latter-day Saints except that the women profiled are currently active members of the Church)</subfield>
  </datafield>
</record>